<record><leader>00000cas a22000007a 4500</leader><controlfield tag="001">17994155</controlfield><controlfield tag="008">880524d19141941lauwr ne      0    0eng d</controlfield><datafield ind1=" " ind2=" " tag="010"><subfield code="a">sn 88064431 </subfield></datafield><datafield ind1=" " ind2=" " tag="040"><subfield code="a">LNP</subfield><subfield code="b">eng</subfield><subfield code="c">LNP</subfield><subfield code="d">OCLCQ</subfield></datafield><datafield ind1=" " ind2=" " tag="042"><subfield code="a">msc</subfield></datafield><datafield ind1="0" ind2=" " tag="130"><subfield code="a">Weekly gazette (Ville Platte, La.)</subfield></datafield><datafield ind1="1" ind2="4" tag="245"><subfield code="a">The Weekly gazette.</subfield></datafield><datafield ind1=" " ind2=" " tag="260"><subfield code="a">Ville Platte, La. :</subfield><subfield code="b">T.G. Ashlock</subfield></datafield><datafield ind1=" " ind2=" " tag="310"><subfield code="a">Weekly</subfield></datafield><datafield ind1="1" ind2=" " tag="362"><subfield code="a">Began in 1914?</subfield></datafield><datafield ind1="0" ind2=" " tag="362"><subfield code="a">-v. 27, no. 34 (June 26, 1941).</subfield></datafield><datafield ind1=" " ind2=" " tag="500"><subfield code="a">"Official journal of the towns of Ville Platte, Mamou and Basile."</subfield></datafield><datafield ind1=" " ind2=" " tag="588"><subfield code="a">Description based on: Vol. 2, no. 22 (Apr. 8, 1916).</subfield></datafield><datafield ind1=" " ind2=" " tag="752"><subfield code="a">United States</subfield><subfield code="b">Louisiana</subfield><subfield code="c">Evangeline</subfield><subfield code="d">Ville Platte.</subfield></datafield><datafield ind1=" " ind2=" " tag="752"><subfield code="a">United States</subfield><subfield code="b">Louisiana</subfield><subfield code="c">Evangeline</subfield><subfield code="d">Mamou.</subfield></datafield><datafield ind1=" " ind2=" " tag="752"><subfield code="a">United States</subfield><subfield code="b">Louisiana</subfield><subfield code="c">Evangeline</subfield><subfield code="d">Basile.</subfield></datafield><datafield ind1="0" ind2="0" tag="785"><subfield code="t">Gazette (Ville Platte, La.)</subfield><subfield code="w">(DLC)sn 83008052</subfield></datafield><datafield ind1="1" ind2=" " tag="029"><subfield code="a">AU@</subfield><subfield code="b">000025825986</subfield></datafield></record>